@article{nikolaeva,
 year=1958,
 author={T. M. Nikolaeva},
 title={Soviet Developments in Machine Translation: Russian Sentence Analysis},
 journal={Mechanical Translation},
 volume={5},
 number={2},
 pages={51--59},
 url={http://mt-archive.info/MT-1958-Nikolaeva.pdf}
}

@article{zalizniak,
 year=1977,
 author={Zalizniak, A.A},
 title={Grammaticheskiyj Slovar' Russkogo Jazyka. (A Grammatical Dictionary of Russian)},
 journal={Russkij Jazyk. (Russian Language)}
}

@article{vilkki,
 year=1997,
 author={Liisa Vilkki},
 title={RUSTWOL: A Tool for Automatic Russian Word Form Recognition},
 journal={Inquiries into Words, Constraints and Contexts.},
 url={http://cslipublications.stanford.edu/koskenniemi-festschrift/15-vilkki.pdf}
}
// http://www2.lingsoft.fi/doc/rustwol/rustwol.txt

@article{mystem,
 year=2003,
 author={Ilya Segalovich},
 title={A fast morphological algorithm with unknown word  guessing induced by a dictionary for a web search.},
 url={http://download.yandex.ru/company/iseg-las-vegas.pdf}
}
